<?xml version="1.0" encoding="UTF-8"?><collection xmlns="http://www.loc.gov/MARC21/slim"><record><leader>00382nam--2200145-i-4500</leader><controlfield tag="001">000003827</controlfield><controlfield tag="002">20161230</controlfield><controlfield tag="005">20170222005053</controlfield><controlfield tag="008">060222s1000------------r-----000-0-eng-d</controlfield><datafield ind1=" " ind2=" " tag="100"><subfield code="a">Bratu, Emil A</subfield></datafield><datafield ind1=" " ind2=" " tag="245"><subfield code="a">Curs de procedee si aparate in industria chimica</subfield></datafield><datafield ind1=" " ind2=" " tag="260"><subfield code="a">Bucuresti</subfield><subfield code="b">Litografia Invatamintului</subfield><subfield code="c">1954</subfield></datafield><datafield ind1=" " ind2=" " tag="300"><subfield code="a">368 p</subfield></datafield><datafield ind1=" " ind2=" " tag="852"><subfield code="a">66</subfield></datafield><datafield ind1=" " ind2=" " tag="CAT"><subfield code="a">SYS</subfield><subfield code="c">20170222</subfield><subfield code="h">005053</subfield></datafield></record></collection>